# \bibliography{hoge}
# \bibliographystyle{jplain} % 	参考文献をアルファベット順で出力する
# \bibliographystyle{junsrt} % 参考文献を引用された順で出力する

# mktexlsr
# bibtex report

@article{key,
  author  = {大川 茂樹},
  journal = {},
  number  = {},
  title   = {2024認識工学\_HMM.pdf},
  volume  = {},
  year    = {2024}
}

@misc{Urnprobl83:online,
  author       = {},
  howpublished = {\url{https://en.wikipedia.org/wiki/Urn_problem}},
  month        = {},
  note         = {(Accessed on 07/25/2024)},
  title        = {Urn problem - Wikipedia},
  year         = {}
}